<record><leader>00000cas a2200000 a 4500</leader><controlfield tag="001">19278719</controlfield><controlfield tag="008">890228d18851889nyuwr ne      0    0eng c</controlfield><datafield ind1=" " ind2=" " tag="010"><subfield code="a">sn 88073012 </subfield></datafield><datafield ind1=" " ind2=" " tag="040"><subfield code="a">YOX</subfield><subfield code="b">eng</subfield><subfield code="c">YOX</subfield><subfield code="d">NYS</subfield><subfield code="d">OCLCQ</subfield><subfield code="d">NYS</subfield><subfield code="d">KRTAS</subfield><subfield code="d">OCLCQ</subfield><subfield code="d">OCLCF</subfield><subfield code="d">OCLCO</subfield></datafield><datafield ind1="1" ind2=" " tag="029"><subfield code="a">AU@</subfield><subfield code="b">000020534369</subfield></datafield><datafield ind1=" " ind2=" " tag="042"><subfield code="a">pcc</subfield></datafield><datafield ind1=" " ind2=" " tag="043"><subfield code="a">n-us-ny</subfield></datafield><datafield ind1="0" ind2=" " tag="130"><subfield code="a">Richmond County gazette (Staten Island, New York, N.Y. : 1885)</subfield></datafield><datafield ind1="1" ind2="0" tag="245"><subfield code="a">Richmond County gazette.</subfield></datafield><datafield ind1="3" ind2="0" tag="246"><subfield code="a">Gazette</subfield><subfield code="f">&lt;Feb. 27-Oct. 30,1889&gt;</subfield></datafield><datafield ind1=" " ind2=" " tag="260"><subfield code="a">Stapleton [Staten Island], N.Y. :</subfield><subfield code="b">W.A. Suydam,</subfield><subfield code="c">1885-[1889]</subfield></datafield><datafield ind1=" " ind2=" " tag="300"><subfield code="a">v. :</subfield><subfield code="b">ill. ;</subfield><subfield code="c">58-70 cm.</subfield></datafield><datafield ind1=" " ind2=" " tag="310"><subfield code="a">Weekly</subfield></datafield><datafield ind1="0" ind2=" " tag="362"><subfield code="a">Vol. 29, no. 18 (Dec. 12, 1885)-</subfield></datafield><datafield ind1="1" ind2=" " tag="362"><subfield code="a">Ceased in 1889?</subfield></datafield><datafield ind1=" " ind2=" " tag="500"><subfield code="a">Published as: The Gazette, &lt;Feb. 27-Oct. 30, 1889&gt;.</subfield></datafield><datafield ind1=" " ind2=" " tag="530"><subfield code="a">Available on microfilm from Staten Island Istitute of Arts and Sciences.</subfield></datafield><datafield ind1=" " ind2=" " tag="580"><subfield code="a">Published semiweekly as: Richmond County Gazette on one day and Richmond County Sentinel on the other days.</subfield></datafield><datafield ind1=" " ind2=" " tag="580"><subfield code="a">Daily ed.: Daily Gazette &lt;1887&gt;</subfield></datafield><datafield ind1=" " ind2="0" tag="651"><subfield code="a">Staten Island (New York, N.Y.)</subfield><subfield code="v">Newspapers.</subfield></datafield><datafield ind1=" " ind2="0" tag="651"><subfield code="a">Richmond County (N.Y.)</subfield><subfield code="v">Newspapers.</subfield></datafield><datafield ind1=" " ind2="0" tag="651"><subfield code="a">New York (N.Y.)</subfield><subfield code="v">Newspapers.</subfield></datafield><datafield ind1=" " ind2="4" tag="651"><subfield code="a">Stapleton (New York, N.Y.)</subfield><subfield code="v">Newspapers.</subfield></datafield><datafield ind1=" " ind2="7" tag="655"><subfield code="a">Newspapers.</subfield><subfield code="2">fast</subfield><subfield code="0">(OCoLC)fst01423814</subfield></datafield><datafield ind1=" " ind2="7" tag="651"><subfield code="a">New York (State)</subfield><subfield code="z">New York.</subfield><subfield code="2">fast</subfield><subfield code="0">(OCoLC)fst01204333</subfield></datafield><datafield ind1=" " ind2="7" tag="651"><subfield code="a">New York (State)</subfield><subfield code="z">New York</subfield><subfield code="z">Staten Island.</subfield><subfield code="2">fast</subfield><subfield code="0">(OCoLC)fst01312784</subfield></datafield><datafield ind1=" " ind2="7" tag="651"><subfield code="a">New York (State)</subfield><subfield code="z">Richmond County.</subfield><subfield code="2">fast</subfield><subfield code="0">(OCoLC)fst01246820</subfield></datafield><datafield ind1=" " ind2=" " tag="752"><subfield code="a">United States</subfield><subfield code="b">New York</subfield><subfield code="c">Richmond.</subfield></datafield><datafield ind1="1" ind2=" " tag="775"><subfield code="t">Daily Gazette (Staten Island, New York, N.Y.)</subfield><subfield code="w">(DLC)sn2003060524</subfield><subfield code="w">(OCoLC)53964462</subfield></datafield><datafield ind1="0" ind2="1" tag="780"><subfield code="t">Richmond County gazette, and Staten Island gazette and sentinel</subfield><subfield code="w">(DLC)sn 88073011</subfield><subfield code="w">(OCoLC)19278686</subfield></datafield><datafield ind1="0" ind2="0" tag="785"><subfield code="t">Staten Island gazette</subfield><subfield code="w">(DLC)sn 88073014</subfield><subfield code="w">(OCoLC)19278776</subfield></datafield><datafield ind1=" " ind2=" " tag="938"><subfield code="a">Kirtas Technologies, Inc.</subfield><subfield code="b">KRTS</subfield><subfield code="n">740248</subfield></datafield></record>